<record><leader>00000cas a22000007a 4500</leader><controlfield tag="001">11991828</controlfield><controlfield tag="008">850502c19679999nyudr ne      0    0eng d</controlfield><datafield ind1=" " ind2=" " tag="010"><subfield code="a">sn 85054131 </subfield></datafield><datafield ind1=" " ind2=" " tag="040"><subfield code="a">NYG</subfield><subfield code="b">eng</subfield><subfield code="c">NYG</subfield><subfield code="d">NYS</subfield><subfield code="d">OCLCQ</subfield></datafield><datafield ind1=" " ind2=" " tag="042"><subfield code="a">msc</subfield></datafield><datafield ind1="0" ind2=" " tag="130"><subfield code="a">Star-gazette (Elmira, N.Y.)</subfield></datafield><datafield ind1="1" ind2="0" tag="245"><subfield code="a">Star-gazette.</subfield></datafield><datafield ind1="3" ind2="0" tag="246"><subfield code="a">Sunday telegram</subfield></datafield><datafield ind1="3" ind2="0" tag="246"><subfield code="a">Star-gazette Sunday telegram</subfield></datafield><datafield ind1="3" ind2="0" tag="246"><subfield code="a">Sunday star-gazette</subfield></datafield><datafield ind1=" " ind2=" " tag="260"><subfield code="a">Elmira, N.Y. :</subfield><subfield code="b">[Elmira Star-Gazette],</subfield><subfield code="c">1967-</subfield></datafield><datafield ind1=" " ind2=" " tag="300"><subfield code="a">v. :</subfield><subfield code="b">ill.</subfield></datafield><datafield ind1=" " ind2=" " tag="310"><subfield code="a">Daily</subfield></datafield><datafield ind1="0" ind2=" " tag="362"><subfield code="a">Vol. 4, no. 308 (Jan. 23, 1967)-</subfield></datafield><datafield ind1=" " ind2=" " tag="580"><subfield code="a">Sunday issue titled: Sunday telegram, Jan. 22, 1967-Oct. 26, 1985; Star-gazette Sunday telegram, Nov. 3, 1985; Sunday star-gazette, Nov. 10, 1985-</subfield></datafield><datafield ind1=" " ind2="4" tag="651"><subfield code="a">Elmira (N.Y.)</subfield><subfield code="v">Newspapers.</subfield></datafield><datafield ind1=" " ind2=" " tag="752"><subfield code="a">United States</subfield><subfield code="b">New York</subfield><subfield code="c">Chemung</subfield><subfield code="d">Elmira.</subfield></datafield><datafield ind1="0" ind2="0" tag="780"><subfield code="t">Star-gazette and advertiser</subfield><subfield code="w">(DLC)sn 85054126</subfield></datafield><datafield ind1="1" ind2=" " tag="029"><subfield code="a">AU@</subfield><subfield code="b">000020380683</subfield></datafield></record>